<?xml version="1.0" encoding="utf-8"?>
<record xmlns="http://www.loc.gov/MARC21/slim" xmlns:xsi="http://www.w3.org/2001/XMLSchema-instance" xsi:schemaLocation="http://www.loc.gov/MARC21/slim http://www.loc.gov/standards/marcxml/schema/MARC21slim.xsd">
	<leader>
		05501nam a2200517   4500
	</leader>
	<controlfield tag="001">
		b12377740
	</controlfield>
	<controlfield tag="003">
		LeBAU
	</controlfield>
	<controlfield tag="006">
		m        d        
	</controlfield>
	<controlfield tag="007">
		cr cn |||m|||a
	</controlfield>
	<controlfield tag="008">
		160203m19061927ua      o     ||0 0 ara d
	</controlfield>
	<datafield ind1=" " ind2=" " tag="040">
		<subfield code="a">
			NNU
		</subfield>
		<subfield code="b">
			ara
		</subfield>
		<subfield code="e">
			rda
		</subfield>
		<subfield code="c">
			NNU
		</subfield>
	</datafield>
	<datafield ind1="0" ind2="4" tag="082">
		<subfield code="a">
			297.207
		</subfield>
		<subfield code="2">
			20
		</subfield>
	</datafield>
	<datafield ind1="0" ind2=" " tag="100">
		<subfield code="6">
			880-01
		</subfield>
		<subfield code="a">
			Muḥammad Rashīd Riḍā,
		</subfield>
		<subfield code="d">
			1865-1935،
		</subfield>
		<subfield code="e">
			author.
		</subfield>
	</datafield>
	<datafield ind1="1" ind2="0" tag="240">
		<subfield code="6">
			880-02
		</subfield>
		<subfield code="a">
			Qur’an. tafāsīr
		</subfield>
	</datafield>
	<datafield ind1="1" ind2="0" tag="245">
		<subfield code="6">
			880-03
		</subfield>
		<subfield code="a">
			Tafsīr al-Qurʼān al-hakīm al-mushtahir bi-ism Tafsīr al-Manār /
		</subfield>
		<subfield code="c">
			ta’līf al-Sayyid Muḥammad Rashīd Riḍā.
		</subfield>
	</datafield>
	<datafield ind1="3" ind2="0" tag="246">
		<subfield code="6">
			880-04
		</subfield>
		<subfield code="a">
			Tafsīr al-Manār
		</subfield>
	</datafield>
	<datafield ind1="1" ind2=" " tag="246">
		<subfield code="6">
			880-05
		</subfield>
		<subfield code="i">
			Subtitle on volume 2:
		</subfield>
		<subfield code="a">
			Tafsīr salafī atharī madanī ‘aṣrī irshādī ijtimā‘ī siyāsī
		</subfield>
	</datafield>
	<datafield ind1=" " ind2=" " tag="250">
		<subfield code="6">
			880-06
		</subfield>
		<subfield code="a">
			First edition
		</subfield>
	</datafield>
	<datafield ind1=" " ind2="1" tag="264">
		<subfield code="6">
			880-07
		</subfield>
		<subfield code="a">
			Miṣr :
		</subfield>
		<subfield code="b">
			Maṭbaʻat al-Manār,
		</subfield>
		<subfield code="c">
			1324-1346 H., [1906-1927? M.]
		</subfield>
	</datafield>
	<datafield ind1=" " ind2=" " tag="300">
		<subfield code="6">
			880-08
		</subfield>
		<subfield code="a">
			online resource (8 volumes)
		</subfield>
	</datafield>
	<datafield ind1=" " ind2=" " tag="336">
		<subfield code="a">
			text
		</subfield>
		<subfield code="2">
			rdacontent
		</subfield>
	</datafield>
	<datafield ind1=" " ind2=" " tag="337">
		<subfield code="a">
			computer
		</subfield>
		<subfield code="2">
			rdamedia
		</subfield>
	</datafield>
	<datafield ind1=" " ind2=" " tag="338">
		<subfield code="a">
			online resource
		</subfield>
		<subfield code="2">
			rdacarrier
		</subfield>
	</datafield>
	<datafield ind1=" " ind2=" " tag="500">
		<subfield code="a">
			&quot;هذا هو التفسير الوحيد الجامع بين صحيح المأثور وصريح المعقول الذي يبين حكم التشريع وسنن الله في الإنسان، وكون القرآن هداية للبشر في كل زمان ومكان، ويوازن بين هدايته وما عليه المسلمون في هذا العصر وقد أعرضوا عنها، وما كان عليه سلفهم المعتصمين بحبلها، مراعي فيه السهولة في التعبير، مجتنبا مزج الكلام بإصطلاحات العلوم والفنون بحيث يفهمه العامة ولا يستغني عنه الخاصة، وهذه هي الطريقة التي جرى عليها في دروسه في الأزهر حكيم الإسلام الأستاذ الإمام الشيخ محمد عبده.&quot;--صفحة العنوان.
		</subfield>
	</datafield>
	<datafield ind1=" " ind2=" " tag="500">
		<subfield code="a">
			Part of the Arabic Collections Online (ACO) project, contributed by American University of Beirut's Jafet Memorial Library.
		</subfield>
	</datafield>
	<datafield ind1="0" ind2=" " tag="505">
		<subfield code="a">
			تفسير القرآن الحكيم المشتهر بإسم تفسير المنار: الجزء الثاني. وفيه خلاصة ما قاله الأستاذ الإمام في دروسه بالجامع الأزهر وقد قرأ أكثر من نصفه قبل طبعه وبعده --الجزء الثالث. أوله &quot;تلك الرسائل&quot; وفيه صفوة ما قاله الأستاذ الإمام --الجزء الرابع. أوله &quot;كل الطعام&quot; وفيه صفوة ما قاله الأستاذ الإمام في دروسه وقد إعتمدنا بعدد الآيات فيه على المصحف المطبوع في ألمانيا وفرقنا بينهما بنقطتين --الجزء الخامس. أوله &quot;المحصنات من النساء&quot; وفيه صفوة ما قاله الأستاذ الإمام في دروسه في الأزهر، وقد إعتمدنا بعدد الآيات فيه على المصحف المطبوع في الآستانة والمصحف المطبوع في ألمانيا وفرقنا بينهما بنقطتين --الجزء السادس. أوله &quot;لا يحب الله الجهر بالسوء&quot; وقد إعتمدنا بعدد الآيات فيه على المصحف المطبوع في الآستانة والمصحف المطبوع في ألمانيا وفرقنا بينهما بنقطتين --الجزء السابع. أوله &quot;لتجدن أشد الناس عداوة&quot; وقد إعتمدنا بعدد الآيات فيه على المصحف المطبوع في الآستانة والمصحف المطبوع في ألمانيا وفرقنا بينهما بنقطتين --الجزء الثامن. أوله &quot;ولو أننا نزلنا إليهم الملائكة&quot; وقد إعتمدنا بعدد الآيات فيه على المصحف المطبوع الآستانة والمصحف المطبوع في ألمانيا وفرقنا بينهما بنقطتين.
		</subfield>
	</datafield>
	<datafield ind1=" " ind2=" " tag="533">
		<subfield code="a">
			Electronic reproduction.
		</subfield>
		<subfield code="b">
			New York, N.Y. :
		</subfield>
		<subfield code="c">
			New York University,
		</subfield>
		<subfield code="d">
			2016.
		</subfield>
		<subfield code="5">
			NNU
		</subfield>
	</datafield>
	<datafield ind1=" " ind2=" " tag="588">
		<subfield code="a">
			الوصف يستند إلى الجزء الأول.
		</subfield>
	</datafield>
	<datafield ind1="0" ind2="4" tag="630">
		<subfield code="a">
			قرآن
		</subfield>
		<subfield code="x">
			تفسير وتأويل.
		</subfield>
	</datafield>
	<datafield ind1="0" ind2="0" tag="630">
		<subfield code="a">
			Qur'an
		</subfield>
		<subfield code="x">
			Hermeneutics.
		</subfield>
	</datafield>
	<datafield ind1="1" ind2=" " tag="700">
		<subfield code="6">
			880-09
		</subfield>
		<subfield code="a">
			ʻAbduh, Muḥammad,
		</subfield>
		<subfield code="d">
			1849-1905,
		</subfield>
		<subfield code="e">
			author.
		</subfield>
	</datafield>
	<datafield ind1="2" ind2=" " tag="710">
		<subfield code="a">
			Jafet Memorial Library.
		</subfield>
	</datafield>
	<datafield ind1="0" ind2=" " tag="730">
		<subfield code="a">
			Arabic Collections Online.
		</subfield>
	</datafield>
	<datafield ind1="0" ind2="8" tag="776">
		<subfield code="i">
			Print version:
		</subfield>
		<subfield code="a">
			Muḥammad Rashīd Riḍā, 1865-1935، author.
		</subfield>
		<subfield code="t">
			Tafsīr al-Qurʼān al-hakīm al-mushtahir bi-ism Tafsīr al-Manār
		</subfield>
		<subfield code="w">
			(LeBAU)b12377740
		</subfield>
	</datafield>
	<datafield ind1="4" ind2="0" tag="856">
		<subfield code="u">
			http://hdl.handle.net/2333.1/4xgxd5cx
		</subfield>
	</datafield>
	<datafield ind1="0" ind2=" " tag="880">
		<subfield code="6">
			100-01/(3/r
		</subfield>
		<subfield code="a">
			محمد رشيد رضا،
		</subfield>
		<subfield code="e">
			مؤلف. 
		</subfield>
		<subfield code="4">
			aut.
		</subfield>
	</datafield>
	<datafield ind1="1" ind2="0" tag="880">
		<subfield code="6">
			240-02/(3/r
		</subfield>
		<subfield code="a">
			قرآن. تفاسير
		</subfield>
	</datafield>
	<datafield ind1="1" ind2="0" tag="880">
		<subfield code="6">
			245-03/(3/r
		</subfield>
		<subfield code="a">
			تفسير القرآن الحكيم المشتهر بإسم تفسير المنار /
		</subfield>
		<subfield code="c">
			تأليف السيد محمد رشيد رضا.
		</subfield>
	</datafield>
	<datafield ind1="3" ind2="0" tag="880">
		<subfield code="6">
			246-04/(3/r
		</subfield>
		<subfield code="a">
			تفسير المنار
		</subfield>
	</datafield>
	<datafield ind1="1" ind2=" " tag="880">
		<subfield code="6">
			246-05/(3/r
		</subfield>
		<subfield code="i">
			Subtitle on volume 2:
		</subfield>
		<subfield code="a">
			تفسير سلفي أثري مدني عصري إرشادي إجتماعي سياسي
		</subfield>
	</datafield>
	<datafield ind1=" " ind2=" " tag="880">
		<subfield code="6">
			250-06/(3/r
		</subfield>
		<subfield code="a">
			الطبعة الأولى.
		</subfield>
	</datafield>
	<datafield ind1=" " ind2="1" tag="880">
		<subfield code="6">
			264-07/(3/r
		</subfield>
		<subfield code="a">
			مصر :
		</subfield>
		<subfield code="b">
			مطبعة المنار،
		</subfield>
		<subfield code="c">
			1324-1346 هـ.، [1906-1927؟ م.]
		</subfield>
	</datafield>
	<datafield ind1=" " ind2=" " tag="880">
		<subfield code="6">
			300-08/(3/r
		</subfield>
		<subfield code="a">
			8 أجزاء ؛
		</subfield>
		<subfield code="c">
			24 سم
		</subfield>
	</datafield>
	<datafield ind1="1" ind2=" " tag="880">
		<subfield code="6">
			700-09/(3/r
		</subfield>
		<subfield code="a">
			عبده، محمد،
		</subfield>
		<subfield code="d">
			1849-1905،
		</subfield>
		<subfield code="e">
			مؤلف. 
		</subfield>
		<subfield code="4">
			aut.
		</subfield>
	</datafield>
	<datafield ind1=" " ind2=" " tag="959">
		<subfield code="a">
			NNU
		</subfield>
		<subfield code="b">
			WEB
		</subfield>
		<subfield code="c">
			GENI
		</subfield>
		<subfield code="t">
			0
		</subfield>
		<subfield code="m">
			Electronic access
		</subfield>
		<subfield code="s">
			01
		</subfield>
	</datafield>
	<datafield ind1=" " ind2=" " tag="999">
		<subfield code="i">
			LeBAU_b12377740
		</subfield>
		<subfield code="s">
			aub_aco000005:v.1
		</subfield>
		<subfield code="s">
			aub_aco000006:v.2
		</subfield>
		<subfield code="s">
			aub_aco000007:v.3
		</subfield>
		<subfield code="s">
			aub_aco000008:v.4
		</subfield>
		<subfield code="s">
			aub_aco000009:v.5
		</subfield>
		<subfield code="s">
			aub_aco000010:v.6
		</subfield>
	</datafield>
</record>
